@BOOK{Bostrom2014-ay,
  title     = "Superintelligence: Paths, Dangers, Strategies",
  author    = "Bostrom, Nick",
  publisher = "Oxford University Press",
  edition   =  1,
  year      =  2014
}
